@electronic{ref:xgboostparams ,
  title         = "XGBoost Scikit-Learn API",
  url           = "https://xgboost.readthedocs.io/en/latest/python/python_api.html#module-xgboost.sklearn",
  key           = "xgboost",
  month         = "Jan.",
  year          = "2019"
}

@article{ref:prophet,
 title = {Forecasting at scale},
 author = {S. Taylor and B. Letham},
 year = 2017,
 month = sep,
 volume = 5,
 journal = {PeerJ Preprints},
}

@inproceedings{iot-cpu,
  title={Estimating Outdoor Temperature from CPU Temperature for IoT Applications in Agriculture},
  author={C. Krintz and R. Wolski and and N. Golubovic and F. Bakir},
  year={2018},
  booktitle={International Conference on the Internet of Things},
}

@book{ref:neural_network,
  title={Neural networks: a comprehensive foundation},
  author={Haykin, Simon},
  year={1994},
  publisher={Prentice Hall PTR}
}

@incollection{ref:baldini2017,
  title={Serverless computing: Current trends and open problems},
  author={Baldini, Ioana and Castro, Paul and Chang, Kerry and Cheng, Perry and Fink, Stephen and Ishakian, Vatche and Mitchell, Nick and Muthusamy, Vinod and Rabbah, Rodric and Slominski, Aleksander and others},
  booktitle={Research Advances in Cloud Computing},
  pages={1--20},
  year={2017},
  publisher={Springer}
}

@misc{blind,
    key = "blinded for submission/review",
    title = "blinded for submission/review",
    month="Feb",
    year = "2019"
}
